=LDR  02081nam 2200349Ia 4500
=005  20240216120932.0
=008  230919s2023\\\\bl\\\\\\\\\\\\000\0\por\d
=020  \\$a9786589458081
=024  7\$a10.1234/pusp.18$2DOI
=040  \\$aUSP/ABCD
=041  0\$apor
=044  \\$abl
=100  1\$aAndrieu , Bernard$0https://orcid.org/0000-0003-2235-7353$5(*)$7INT$8Universidade de São Paulo. Escola de Esportes e Educação Física$9Brasil
=245  12$a O Álbum Marey de Educação Física - Cinema Racial e Cronofotografia $h[recurso eletrônico]
=260  \\$aLOCAL$bUniversidade de São Paulo. Escola de Comunicações e Artes $c2023
=300  \\$aXX p$bil
=500  \\$aDisponível em: http://0.0.0.0:8888/index.php/portaldelivrosUSP/catalog/book/27. Acesso em: 16.02.2024
=520  \\$aOs estudos do movimento humano realizados a partir do registro de suas imagens não nos revelam tudo sobre o corpo ou movimentar-se. Mas conhecer a trajetória destes estudos pode nos indicar muitas pistas sobre a própria ciência que se construía, sobre uma época, e especialmente, sobre a intersecção entre os estudos do movimento humano e o cinema em seus primórdios. O livro O Álbum Marey de Educação Física: cinema racial e cronofotografia, de Bernard Andrieu, Soraia Chung Saura e Ana Cristina Zimmermann está ligado ao Projeto Cinema e Corpo, que busca aproximar reflexões oriundas da Educação Física, do Esporte e do Lazer com outras áreas do conhecimento, tendo o cinema, o corpo e o movimento como pontos de intersecção. É o décimo segundo livro da Coleção CINUSP. Convidamos à leitura desta publicação que fala também sobre o olhar que orienta arte e ciência em sua aproximação com a arte cinematográfica.
=700  1\$aChung Saura , Soraia$0https://orcid.org/0000-0001-5002-683X$5(*)$7INT$8Universidad de Buenos Aires$9Argentina
=700  1\$aCristina Zimmermann , Ana$0https://orcid.org/0000-0002-8566-9613$5(*)$7INT$8Ohio University$9Estados Unidos
=856  4\$zClicar sobre o botão para acesso ao texto completo$uhttps://doi.org/10.1234/pusp.18$3DOI
=856  41$zClicar sobre o botão para acesso ao texto completo$uhttp://0.0.0.0:8888/index.php/portaldelivrosUSP/catalog/book/27$3E-Livro
=945  \\$aP$bMONOGRAFIA/LIVRO$c06$j2023$lNACIONAL
